@incollection{lederman_2009,
	title = {Haptic perception: A tutorial.},
	booktitle = {Attention, Perception \& Psychophysics},
	author = {Lederman, S. and Klatzky, R.},
	year = {2009},
	pages = {1439--1459}
}

@incollection{ballesteros_implicit_nodate,
	edition = {M. Grundwald},
	title = {Implicit and explicit memory effects in haptic perception.},
	booktitle = {Human {Haptic} {Perception}: {Basics} and {Applications}},
	publisher = {Basel Boston Berlin: Birkhauser Verlag.},
	year = {2008},
	author = {Ballesteros, S},
	pages = {183--197}
}

@incollection{atkinson,
	title = {Sensory and perceptual capacities of the neonate.},
	booktitle = {Psychobiology of the human newborn},
	publisher = {London: John Wiley},
	edition = {P. Stratton},
	year = {1982},
	author = {Atkinson, J. and Braddick, O.},
	pages = {191--22}
}

@book{anima,
	title = {Commentary on Aristotles De anima.},
	publisher = {Dumb Ox Books},
	year = {1994},
	translator = {Foster K. and Humphries S.}, 
	author = {Aquinas, T.},
}

@incollection{bert,
	edition = {C. Spence and J. Driver},
	title = {The psychology of multi-modal perception.},
	booktitle = {Crossmodal space and crossmodal attention},
	publisher = {Oxford New York: Oxford University Press.},
	year = {2004},
	author = {Bertelson, P. and De Gelder, B.},
	pages = {141--177}
}
@book{minerva,
	title = {Haptic Guidance.},
	year = {2012},
	author = {Minerva Brooks Memorial Library Inc.}
}

 
@incollection{jutte,
	edition = {M. Grundwald},
	title = {Haptic perception: an historical approach.},
	booktitle = {Human {Haptic} {Perception}: {Basics} and {Applications}},
	publisher = {Basel Boston Berlin: Birkhauser Verlag},
	year = {2008},
	author = {Jutte, R.},
	pages = {3--13}
}

@book{gibson,
	title = {The senses considered as perceptual systems.},
	publisher = {Boston: Houghton Mifflin.},
	year = {1966},
	author = {Gibson, J. J.},
}

@book{salisbury,
	title = {Haptic rendering: introductory concepts.},
	publisher = {IEEE Computer Graphics and Applications},
	volume = {24},
	year = {2004},
	author = {K. Salisbury and F. Conti and F. Barbagli},
	pages = {24--32}
}

@incollection{tahnz,
	edition = {M. Grundwald},
	title = {Haptic Interfaces.},
	booktitle = {Communications of the ACM},
	volume = {43},
	year = {2000},
	author = {Tan, H. Z.},
	pages = {40--41}
}

@book{virtualenvironments,
	title = {Haptics in virtual environments: Taxonomy, research status, and challenges.},
	publisher = {Computers and Graphics (Pergamon)},
	volume = {21},
	number = {4},
	year = {1997},
	author = {Srinivasan, M. A. and Basdogan, C.},
	pages = {393--404}
}

@incollection{applicationshaptic,
	title = {Applications of haptics technology in advance robotics.},
	booktitle = {2010 International Conference on Emerging Trends in Robotics and Communication Technologies (INTERACT)},
	year = {2010},
	author = {Fulkar, V. and Shivramwar, M. and Alkari, A.},
	pages = {273--277}
}

@article{nitsch_haptic_2012,
	title = {Haptic human-machine interaction in teleoperation systems and its implications for the design and effective use of haptic interfaces},
	journal = {Universitat der Bundeswehr Munchen},
	author = {Nitsch, Verena},
	year = {2012},
}

@incollection{taneber,
	edition = {Radcliffe, C.},
	title = {Human factors for the design of force-reflecting haptic interfaces.},
	booktitle = {Dynamic Systems and Control},
	volume = {55},
	year = {1994},
	author = {Tan, H. Z. and Eberman, B. and Srinivasan, M. A. and Cheng, B.},
	pages = {353--359},
	publisher = {The American Society of Mechanical Engineers}
}


@misc{teleoperation1,
	title = {What is Teleoperation-Telerobotics},
	url = {http://whatis.techtarget.com/definition/teleoperation-telerobotics}
}

@misc{teleoperation2,
	title = {What is Teleoperation},
	url = {http://www.wisegeek.com/what-is-teleoperation.htm}
}

@article{teleoperation3,
	title = {Gestaltung und Evaluation von virtuellen und Teleprasenzsystemen an Hand von Aufgabenleistung und Prasenzempfinden.},
	journal = {Neubiberg: Universitat der Bundeswehr Munchen.},
	author = {Pongrac, H.},
	year = {2008},
}
@book{goertz,
	title = {Electronically controlled manipulator.},
	publisher = {Nucleonics},
	volume = {12},
	year = {1954},
	author = {Goertz, R. and Thompson, R.},
	pages = {46--47}
}

@incollection{aracil,
	edition = {Ferre, M. and Buss, M. and Aracil, R. and Melchiorri, C. and Balaguer, C.},
	title = {The human role in telerobotics.},
	booktitle = {Advances in Telerobotics},
	year = {2007},
	author = {Aracil, R. and Buss, M. and Cobos, S. and Ferre, M. and Hirche, S. and Kuschel, M. and et al.},
	pages = {1--7},
	publisher = {Berlin Heidelberg: Springer Verlag}
}

@book{mccain,
	title = {The space station freedom flight telerobotic servicer: The design and evolution of a dexterous space robot.},
	publisher = {Acta Astronautica},
	volume = {24},
	year = {1991},
	author = {McCain, H. G. and Andary, J. F. and Hewitt, D. R. and Haley, D. C.},
	pages = {45--54}
}

@incollection{albus,
	title = {NASA/NBS standard reference model for telerobot control system architecture (NASREM).},
	booktitle = {NIST Technical Note 1235.},
	year = {1989},
	author = {Albus, J. S. and McCain, H. G. and Lurnia, R.},
	publisher = {National Bureau of Standards.}
}

@misc{ailarobot,
	title = {AILA Robot},
	url = {http://robotik.dfki-bremen.de/en/research/robot-systems/aila.html}
}

@article{ailarevista,
	title = {Robot In Germany Controlled From Russia With Unique Interface},
	journal = {Robot Magazine},
	year = {March/April 2017},
	pages = {11}
}

@article{oceanrevista,
	title = {Stanford's OCEAN ONE: First Deep Sea Misson},
	journal = {Robot Magazine},
	year = {November/December 2016},
	pages = {10--11}
}

@misc{oceanonerobot,
	title = {OCEAN ONE Robot},
	url = {http://news.stanford.edu/2016/04/27/robotic-diver-recovers-treasures/}
}

@misc{davinci,
	title = {Da Vinci Robot},
	url = {http://www.davincisurgery.com/da-vinci-surgery/da-vinci-surgical-system/}
}

@misc{nervoussystem,
	title = {Nervous system},
	url = {http://www.livescience.com/22665-nervous-system.html}
}

@misc{NIH,
	title = {Neurologic Diseases},
	url = {http://www.nlm.nih.gov/medlineplus/neurologicdiseases.html}
}
@misc{spinalcord,
	title = {Spinal Cord},
	url = {http://www.msdmanuals.com/home/brain,-spinal-cord,-and-nerve-disorders/biology-of-the-nervous-system/spinal-cord}
}

@misc{spinalcordanatomy,
	title = {Spinal Cord Anatomy and Injuries},
	url = {https://www.slideshare.net/UtkarsshWayal/spinal-cord-anatomy-and-injuries}
}

@misc{spinalcordanatomy2,
	title = {Spinal Cord Anatomy},
	url = {http://emedicine.medscape.com/article/1148570-overview}
}

@misc{spineorganization,
	title = {Spine {Organization}},
	url = {http://www.msdmanuals.com/home/brain,-spinal-cord,-and-nerve-disorders/biology-of-the-nervous-system/spinal-cord}
}

@misc{spinalcordima,
	title = {Spinal Cord},
	url = {https://www.boundless.com/biology/textbooks/boundless-biology-textbook/the-nervous-system-35/the-central-nervous-system-202/spinal-cord-769-12002/}
}

@misc{spinalmeninges,
	title = {Spinal Meninges},
	url = {https://www.slideshare.net/rajeshkmcic/spinal-meninges}
}

@misc{spinalcanal,
	title = {Spinal Canal},
	url = {http://www.webmd.com/back-pain/spinal-canal}
}

@misc{anatomyspinal,
	title = {Topographic and Functional Anatomy of the Spinal Cord},
	url = {http://emedicine.medscape.com/article/1148570-overview}
}

@misc{spinalnerve,
	title = {Spinal Nerve Root Relation},
	url = {http://www.neuroassociatespc.com/practice.html}
}

@misc{physical,
	title = {What is physical therapy},
	url = {http://www.wcpt.org/what-is-physical-therapy}
}

@misc{rehab,
	title = {Rehabilitation},
	url = {http://walk-again.com/hal-therapy/}
}


@misc{arduino_site,
	title = {What is Arduino},
	url = {http://www.arduino.org/learning/getting-started/what-is-arduino}
}

@misc{arduinoMEGA,
	title = {Arduino MEGA 2560},
	url = {https://www.arduino.cc/en/main/arduinoBoardMega2560}
}

@misc{arduinoCompare,
	title = {Comparison Arduino Boards},
	url = {https://www.arduino.cc/en/Products/Compare}
}

@misc{motorsComparison,
	title = {Vibration Motors Comparison Guide},
	author = {PRECISION MICRODRIVES},
	url = {https://www.precisionmicrodrives.com/application-notes/ab-028-vibration-motor-comparison-guide}
}

@misc{motorsfundamentals,
	title = {Brushed DC Motor Fundamentals},
	author = {MICROCHIP},
	url = {http://ww1.microchip.com/downloads/en/AppNotes/00905B.pdf}
}

@misc{adafruits,
	title = {Mini DC Motor Characterisitics},
	author = {Adafruit},
	url = {https://www.adafruit.com/product/1201}
}

@misc{coinmotors,
	title = {COIN VIBRATION MOTORS},
	author = {PRECISION MICRODRIVES},
	url = {https://www.precisionmicrodrives.com/vibration-motors/coin-vibration-motors}
}

@misc{pwmaverageduty,
	title = {DRIVING VIBRATION MOTORS WITH PULSE WIDTH MODULATION},
	author = {PRECISION MICRODRIVES},
	url = {https://www.precisionmicrodrives.com/application-notes/ab-012-driving-vibration-motors-pulse-width-modulation}
}

@misc{rosintro,
	title = {ROS Introduction},
	author = {ROS},
	url = {http://wiki.ros.org/ROS/Introduction}
}

@misc{naorobot,
	title = {NAO Robot},
	url = {http://sensilab.monash.edu/asset/nao/}
}


@misc{rosserial,
	title = {Rosserial package},
	url = {http://wiki.ros.org/rosserial}
}
@misc{rosserial_arduino,
	title = {Rosserial Arduino package},
	url = {http://wiki.ros.org/rosserial_arduino/Tutorials/Arduino%20IDE%20Setup}
}

@book{qtfoundations,
	title = {Foundations of {Qt} {Developmnet}},
	author = {Thelin, Johan},
	year = {2007}
}

@misc{qtintro,
	title = {Qt Introduction},
	author = {Qt},
	url = {https://wiki.qt.io/About_Qt}
}

@misc{timeronelib,
	title = {Arduino {Playground} - {Timer}1},
	url = {http://playground.arduino.cc/Code/Timer1}
}

@misc{timerfourlib,
	title = {Arduino Forum - Timer 4},
	url = {http://forum.arduino.cc/index.php?topic=220775.0}
}

@misc{spinalrooots,
	title = {Peripheral Nerve Entrapment and Injury in the Upper Extremity},
	url = {http://www.aafp.org/afp/2010/0115/p147.html}
}

@misc{handimage,
	title = {Hand and Arm image},
	url = {http://www.zbrushcentral.com/showthread.php?31645-First-Model-Hand-and-Arm}
}

@misc{whattimer,
	title = {What is a timer},
	url = {https://www.engineersgarage.com/definitions/what-is-timer}
}

@misc{atmegadatasheet,
	title = {{ATMEL} 2560 {Datasheet}},
	url = {http://www.atmel.com/Images/Atmel-2549-8-bit-AVR-Microcontroller-ATmega640-1280-1281-2560-2561_datasheet.pdf}
}

@misc{megatimer,
	title = {Timers and Interrupts},
	url = {https://arduino-info.wikispaces.com/Timers-Arduino}
}

@misc{dermatomes,
	title = {Dermatomes},
	url = {http://emedicine.medscape.com/article/1878388-overview}
}

@book{netter,
	title = {Atlas of Human Anatomy},
	publisher = {Saunders Elsevier},
	edition = {6},
	year = {2014},
	author = {MD, Frank H. Netter},
}
@misc{nodes,
	title = {ROS Nodes},
	url = {http://wiki.ros.org/Nodes}
}

@misc{master,
	title = {ROS Master},
	url = {http://wiki.ros.org/Master}
}
@misc{ros101,
	title = {ROS intro},
	url = {http://robohub.org/ros-101-intro-to-the-robot-operating-system/}
}

@book{barros_cooperative_2014,
	title = {Cooperative haptics for humanoid robot teleoperation},
	publisher = {Universidade de Aveiro, Departamento de Engenharia Mecanica},
	author = {Barros, Joao},
	year = {2014}
}
@misc{topics,
	title = {ROS Topics},
	url = {http://wiki.ros.org/Topics}
}

@misc{bitmask,
	title = {What is bitmask},
	url = {http://codeforces.com/blog/entry/18169}
}

@misc{whatbit,
	title = {Stackoverflow: What is bitmask},
	url = {https://stackoverflow.com/questions/10493411/what-is-bit-masking}
}

@book{okane_gentle_2014,
	title = {A {Gentle} {Introduction} to {ROS}},
	publisher = {University of South Carolina, Department of Computer Science and Engineering},
	author = {O'Kane, Jason M.},
	year = {2014}
}
@book{cruz_haptic_2012,
	title = {Haptic interface data acquisition system},
	publisher = {Universidade de Aveiro, Departamento de Engenharia Mecanica},
	author = {Cruz, Pedro},
	year = {2012}
}

@article{hayward_haptic_2004,
	title = {Haptic interfaces and devices},
	volume = {24},
	number = {1},
	journal = {Sensor Review},
	author = {Hayward, Vincent and Astley, Oliver R. and Cruz‐Hernandez, Manuel and Grant, Danny and Robles‐De‐La‐Torre, Gabriel},
	year = {2004},
	pages = {16--29}
}
@misc{messages,
	title = {ROS Messages},
	url = {http://wiki.ros.org/Messages}
}

@misc{arduinoIDE,
	title = {Arduino IDE},
	url = {https://www.arduino.cc/en/Guide/Environment}
}
