Automatically generated by Mendeley Desktop 1.19.1
Any changes to this file will be lost if it is regenerated by Mendeley.

BibTeX export options can be customized via Options -> BibTeX in Mendeley Desktop

@misc{ubuntu,
keywords = {software,ubuntu},
mendeley-tags = {software,ubuntu},
title = {{Community | Ubuntu}},
url = {https://www.ubuntu.com/community},
urldate = {2018-06-08}
}
@misc{mysqlvs,
keywords = {compara{\c{c}}{\~{a}}o,software},
mendeley-tags = {compara{\c{c}}{\~{a}}o,software},
title = {{SQLite vs MySQL vs PostgreSQL: A Comparison Of Relational Database Management Systems | DigitalOcean}},
url = {https://www.digitalocean.com/community/tutorials/sqlite-vs-mysql-vs-postgresql-a-comparison-of-relational-database-management-systems},
urldate = {2018-06-08}
}
@misc{gcc,
keywords = {gcc,software},
mendeley-tags = {gcc,software},
title = {{GCC, the GNU Compiler Collection - GNU Project - Free Software Foundation (FSF)}},
url = {https://gcc.gnu.org/},
urldate = {2018-06-08}
}
@misc{apache,
keywords = {apache,software},
mendeley-tags = {apache,software},
title = {{Welcome! - The Apache HTTP Server Project}},
url = {https://httpd.apache.org/},
urldate = {2018-06-08}
}
@misc{mysql,
keywords = {mysql,software},
mendeley-tags = {mysql,software},
title = {{MySQL :: MySQL 8.0 Reference Manual}},
url = {https://dev.mysql.com/doc/refman/8.0/en/},
urldate = {2018-06-08}
}
